<?xml version='1.0' encoding='UTF-8'?>
<record xmlns="http://www.loc.gov/MARC21/slim">
  <leader>03442cam a2200517 a 4500</leader>
  <controlfield tag="001">461624</controlfield>
  <controlfield tag="003">NjP</controlfield>
  <controlfield tag="005">20170605125943.0</controlfield>
  <controlfield tag="008">880816m19759999ir       b    000 0dara d</controlfield>
  <datafield tag="024" ind1="7" ind2=" ">
    <subfield code="a">princeton_aco001442</subfield>
    <subfield code="2">local</subfield>
  </datafield>
  <datafield ind1=" " ind2=" " tag="035">
    <subfield code="a">(OCoLC)ocn175423885</subfield>
  </datafield>
  <datafield ind1=" " ind2=" " tag="035">
    <subfield code="a">(OCoLC)175423885</subfield>
  </datafield>
  <datafield ind1=" " ind2=" " tag="035">
    <subfield code="a">(CStRLIN)NJPG88-B41195</subfield>
  </datafield>
  <datafield ind1=" " ind2=" " tag="035">
    <subfield code="9">ACD7276TS</subfield>
  </datafield>
  <datafield ind1=" " ind2=" " tag="035">
    <subfield code="a">(NjP)461624</subfield>
  </datafield>
  <datafield ind1=" " ind2=" " tag="040">
    <subfield code="a">NjP</subfield>
    <subfield code="c">PUL</subfield>
    <subfield code="d">PUL</subfield>
  </datafield>
  <datafield ind1=" " ind2=" " tag="049">
    <subfield code="a">PULL</subfield>
  </datafield>
  <datafield ind1=" " ind2=" " tag="079">
    <subfield code="a">ocm28751510</subfield>
  </datafield>
  <datafield ind1="1" ind2=" " tag="100">
    <subfield code="6">880-01</subfield>
    <subfield code="a">Tabrīzī, ʻAlī al-ʻAlyārī,</subfield>
    <subfield code="d">1821-1909.</subfield>
    <subfield code="0">http://id.loc.gov/authorities/names/nr90009088</subfield>
  </datafield>
  <datafield ind1="1" ind2="0" tag="240">
    <subfield code="6">880-02</subfield>
    <subfield code="a">Bahjat al-āmāl fī sharḥ Zubdat al-maqāl</subfield>
  </datafield>
  <datafield ind1="1" ind2="0" tag="245">
    <subfield code="6">880-03</subfield>
    <subfield code="a">Hādhā kitāb Bahjat al-āmāl fī sharḥ Zubdat al-maqāl /</subfield>
    <subfield code="c">lil-ʻallāmah ʻAlī al-ʻAlyārī al-Tabrīzī. Maʻa risālat Ghāyat al-āmāl fī tarjamat ṣāḥib Bahjat al-āmāl / lil-ʻallāmah Shihāb al-Dīn al-Ḥusaynī al-Marʻashī al-Najafī.</subfield>
  </datafield>
  <datafield ind1=" " ind2=" " tag="260">
    <subfield code="6">880-04</subfield>
    <subfield code="a">Ṭihrān :</subfield>
    <subfield code="b">Bunyād-i Farhang-i Islāmī-i Ḥājj Muḥammad Ḥusayn Kūshānʹpūr,</subfield>
    <subfield code="c">[1395]- [1975- ]</subfield>
  </datafield>
  <datafield ind1=" " ind2=" " tag="300">
    <subfield code="a">v. ;</subfield>
    <subfield code="c">25 cm.</subfield>
  </datafield>
  <datafield ind1=" " ind2=" " tag="500">
    <subfield code="a">Title page partially vocalized.</subfield>
  </datafield>
  <datafield ind1=" " ind2=" " tag="500">
    <subfield code="6">880-05</subfield>
    <subfield code="a">Vols. 2-5 edited by: Hidāyat Allāh al-Mustarḥamī al-Jarqūʼī al-Iṣbahānī.</subfield>
  </datafield>
  <datafield ind1=" " ind2=" " tag="504">
    <subfield code="a">Includes bibliographical references.</subfield>
  </datafield>
  <datafield ind1="1" ind2="0" tag="600">
    <subfield code="6">880-06</subfield>
    <subfield code="a">Burūjirdī, Ḥusayn ibn Riḍā,</subfield>
    <subfield code="d">1823-1860?</subfield>
    <subfield code="t">Nukhabat al-maqāl fī ʻilm al-rijāl.</subfield>
  </datafield>
  <datafield ind1=" " ind2="0" tag="650">
    <subfield code="a">Shiites</subfield>
    <subfield code="x">Biography.</subfield>
    <subfield code="0">http://id.loc.gov/authorities/subjects/sh2008111229</subfield>
  </datafield>
  <datafield ind1="1" ind2=" " tag="700">
    <subfield code="6">880-07</subfield>
    <subfield code="a">Mustarḥamī al-Jarqūʼī al-Iṣbahānī, Hidāyat Allāh.</subfield>
  </datafield>
  <datafield ind1="1" ind2=" " tag="700">
    <subfield code="6">880-08</subfield>
    <subfield code="a">Marʻashī Najafī, Shihāb al-Dīn.</subfield>
    <subfield code="t">Ghāyat al-āmāl fī tarjamat ṣāḥib Bahjat al-āmāl.</subfield>
    <subfield code="f">1975.</subfield>
  </datafield>
  <datafield ind1="0" ind2=" " tag="740">
    <subfield code="6">880-09</subfield>
    <subfield code="a">Ghāyat al-āmāl fī tarjamat ṣāḥib Bahjat al-āmāl.</subfield>
  </datafield>
  <datafield ind1="0" ind2=" " tag="740">
    <subfield code="6">880-10</subfield>
    <subfield code="a">Bahjat al-āmāl fī sharḥ Zubdat al-maqāl.</subfield>
  </datafield>
  <datafield ind1="1" ind2=" " tag="880">
    <subfield code="6">100-01/r</subfield>
    <subfield code="a">تبريزي، علي العلياري،</subfield>
    <subfield code="d">1821-1909.</subfield>
  </datafield>
  <datafield ind1="1" ind2="0" tag="880">
    <subfield code="6">240-02/r</subfield>
    <subfield code="a">بهجة الامال في شرح زبدة المقال</subfield>
  </datafield>
  <datafield ind1="1" ind2="0" tag="880">
    <subfield code="6">245-03/r</subfield>
    <subfield code="a">هذا كتاب بهجة الامال في شرح زبدة المقال /</subfield>
    <subfield code="c">للعلامة علي العلياري التبريزي. مع رسالة غاية الامال في ترجمة صاحب بهجة الامال / للعلامة شهاب الدين الحسيني المرعشي النجفي.</subfield>
  </datafield>
  <datafield ind1=" " ind2=" " tag="880">
    <subfield code="6">260-04/r</subfield>
    <subfield code="a">طهران :</subfield>
    <subfield code="b">بنيادا فرهنگا اسلاميا حاج محمد حسين كوشانپور،</subfield>
    <subfield code="c">[1395] [1975- ]</subfield>
  </datafield>
  <datafield ind1=" " ind2=" " tag="880">
    <subfield code="6">500-05/r</subfield>
    <subfield code="a">Vols. 2-5 edited by: هداية الله المسترحمي الجرقوئي الاصبهاني.</subfield>
  </datafield>
  <datafield ind1="1" ind2="0" tag="880">
    <subfield code="6">600-06/r</subfield>
    <subfield code="a">بروجردي، حسين بن رضا،</subfield>
    <subfield code="d">1823-1860؟</subfield>
    <subfield code="t">نخبة المقال في علم الرجال.</subfield>
  </datafield>
  <datafield ind1="1" ind2=" " tag="880">
    <subfield code="6">700-07/r</subfield>
    <subfield code="a">مسترحمي الجرقوئي الاصبهاني، هداية الله.</subfield>
  </datafield>
  <datafield ind1="1" ind2=" " tag="880">
    <subfield code="6">700-08/r</subfield>
    <subfield code="a">مرعشي نجفي، شهاب الدين.</subfield>
    <subfield code="t">غاية الامال في ترجمة صاحب بهجة الامال.</subfield>
    <subfield code="f">1975.</subfield>
  </datafield>
  <datafield ind1="0" ind2=" " tag="880">
    <subfield code="6">740-09/r</subfield>
    <subfield code="a">غاية الامال في ترجمة صاحب بهجة الامال.</subfield>
  </datafield>
  <datafield ind1="0" ind2=" " tag="880">
    <subfield code="6">740-10/r</subfield>
    <subfield code="a">بهجة الامال في شرح زبدة المقال.</subfield>
  </datafield>
  <datafield ind1=" " ind2=" " tag="998">
    <subfield code="a">08/23/93</subfield>
    <subfield code="s">9118</subfield>
    <subfield code="n">NjP</subfield>
    <subfield code="w">NJPG88B41195</subfield>
    <subfield code="d">08/16/88</subfield>
    <subfield code="c">JEB</subfield>
    <subfield code="b">ZLO</subfield>
    <subfield code="i">930823</subfield>
    <subfield code="l">NJPG</subfield>
  </datafield>
  <datafield ind1=" " ind2=" " tag="911">
    <subfield code="a">19930909</subfield>
  </datafield>
  <datafield ind1=" " ind2=" " tag="912">
    <subfield code="a">19930823000000.0</subfield>
  </datafield>
  <datafield ind1=" " ind2=" " tag="994">
    <subfield code="a">C0</subfield>
    <subfield code="b">PUL</subfield>
  </datafield>
  <datafield ind1=" " ind2=" " tag="999">
    <subfield code="a">461624</subfield>
  </datafield>
  <datafield ind1="0" ind2="1" tag="852">
    <subfield code="0">502076</subfield>
    <subfield code="b">nec</subfield>
    <subfield code="t">1</subfield>
    <subfield code="h">BP193</subfield>
    <subfield code="i">.T337 1975</subfield>
  </datafield>
  <datafield ind1=" " ind2="0" tag="866">
    <subfield code="0">502076</subfield>
    <subfield code="6">0</subfield>
    <subfield code="a">juzʾ 1-7</subfield>
  </datafield>
  <datafield ind1=" " ind2=" " tag="959">
    <subfield code="a">2000-06-13 00:00:00 -0400</subfield>
  </datafield>
</record>
